;----------------------------------------------------------------------
; ledger2beancount conversion notes:
;   - Virtual posting in parentheses ignored
;   - Account Assets:Bank Debian)bar renamed to Assets:Bank-Debian-bar
;   - Account Assets:Bank [Debian] renamed to Assets:Bank--Debian-
;   - Account Assets:test renamed to Assets:Test
;   - Account Assets:♚_DASD!;?@#$!%^& *"(*(0-;♚ds renamed to Assets:X-DASD----------------0---ds
;   - Account Assets:♚foo:♚bar renamed to Assets:Xfoo:Xbar
;   - Account Expenses:École républicaine renamed to Expenses:École-républicaine
;   - Account Expenses:école renamed to Expenses:École
;   - Account Liabilities:Credit Card:Test renamed to Liabilities:Credit-Card:Test
;   - Account Liabilities:credit Card:test renamed to Liabilities:Credit-Card:Test
;   - Account assets:test renamed to Assets:Test
;   - Account expenses:purchase renamed to Expenses:Purchase
;   - Collision for account "Assets:Collision": Assets:Coll1, Assets:Coll2
;   - Collision for account "Assets:Test": Assets:Test, Assets:test, assets:test
;   - Collision for account "Equity:Opening-Balance": Equity:Opening balance, Equity:Opening-Balance
;   - Collision for account "Liabilities:Credit-Card:Test": Liabilities:Credit Card:Test, Liabilities:credit Card:test
;----------------------------------------------------------------------


option "title" "Test account names"

1970-01-01 open Assets:A
1970-01-01 open Assets:Bank
1970-01-01 open Assets:Bash
1970-01-01 open Assets:Collision
1970-01-01 open Assets:MuchLonger
1970-01-01 open Assets:Short
1970-01-01 open Expenses:Foo
1970-01-01 commodity USD
; Beancount: 2.1.0

1970-01-01 open Assets:Test
  description: "Test account"
;   alias food
;   default

1970-01-01 open Equity:Opening-Balance
  description: "opening balance..."
1970-01-01 open Assets:Vouchers:99Ranch
1970-01-01 open Assets:Vouchers:99Ranch:99Test
1970-01-01 open Liabilities:Credit-Card:Test
1970-01-01 open Assets:Vouchers:99test
1970-01-01 open Assets:X-DASD----------------0---ds
1970-01-01 open Assets:Xfoo:Xbar
1970-01-01 open Expenses:École-républicaine
1970-01-01 open Expenses:École
1970-01-01 open Assets:Crowns
1970-01-01 open Assets:Test:I-Love-Crowns
1970-01-01 open Assets:Commodity-Test123
1970-01-01 open Expenses:Purchase

1970-01-01 commodity EUR

2018-03-17 * "Test 1"
  Assets:Test                        10.00 EUR
  Equity:Opening-Balance            -10.00 EUR

2018-03-17 * "Test 2"
  Assets:Test
  Equity:Opening-Balance            -10.00 EUR

2018-03-17 * "Test 3"
  Assets:Test                        10.00 EUR
  Equity:Opening-Balance

2018-03-17 * "Test 4"
  Assets:Test                           10 EUR
  Equity:Opening-Balance

; Account with space
2018-03-17 * "Test"
  Assets:Test                        10.00 EUR
  Equity:Opening-Balance            -10.00 EUR

2018-03-17 * "Test 1"
  Assets:Test  10.00 EUR
  Equity:Opening-Balance  -10.00 EUR

2018-03-17 * "Test 1"
  Assets:Test	10.00 EUR
  Equity:Opening-Balance	-10.00 EUR

2018-03-17 txn "Test: account with space and flag"
  * Assets:Test                        10.00 EUR
  ! Equity:Opening-Balance            -10.00 EUR

2018-03-18 * "Test"
  Assets:Test                        10.00 EUR
  Equity:Opening-Balance                        ; comment

2018-03-18 * "Account name with space"
  Liabilities:Credit-Card:Test      -10.00 EUR
  Equity:Opening-Balance

2018-03-18 * "Account name starting with lower case"
  Assets:Test                        10.00 EUR
  Equity:Opening-Balance

2018-03-18 * "Account name with space and ucfirst"
  Liabilities:Credit-Card:Test      -10.00 EUR
  Equity:Opening-Balance

2018-03-18 * "Account name starting with digits"
  Assets:Vouchers:99Ranch            10.00 EUR
  Equity:Opening-Balance

2018-03-18 * "2 account name starting with digits"
  Assets:Vouchers:99Ranch:99Test     10.00 EUR
  Equity:Opening-Balance

2018-03-18 * "Lower case after digit"
  Assets:Vouchers:99test             10.00 EUR
  Equity:Opening-Balance

2018-03-26 * "Interesting account name"
  Assets:X-DASD----------------0---ds   10.00 EUR
  Equity:Opening-Balance               -10.00 EUR

2018-03-26 * "Interesting account name, mapped before conversion"
  Assets:Crowns                      10.00 EUR
  Equity:Opening-Balance            -10.00 EUR

2018-03-26 * "Interesting account name, mapped after conversion"
  Assets:Test:I-Love-Crowns          10.00 EUR
  Equity:Opening-Balance            -10.00 EUR

2018-03-26 * "Ensure first letter is upper case letter"
  Assets:Xfoo:Xbar                   10.00 EUR
  Equity:Opening-Balance            -10.00 EUR

2018-03-26 * "Drop accents"
  Expenses:École-républicaine        10.00 EUR
  Equity:Opening-Balance            -10.00 EUR

2018-03-26 * "Ensure first letter is upper case letter"
  Expenses:École                     10.00 EUR
  Equity:Opening-Balance            -10.00 EUR

2018-03-27 * "Account name could be mistaken for commodity"
  Assets:Test                        10.00 EUR
  Assets:Commodity-Test123

2018-03-28 * "all lower case account names"
  Expenses:Purchase                  10.00 EUR
  Assets:Test

2018-03-29 * "Mapping creating collision"
  Assets:Collision                       1 EUR
  Equity:Opening-Balance

2018-03-29 * "Mapping creating collision"
  Assets:Collision                       1 EUR
  Equity:Opening-Balance

2018-04-18 * "Preserve whitespace: shorter"
  Assets:Short                         10.00 EUR
  Assets:Test                         -10.00 EUR

2018-04-18 * "Preserve whitespace: shorter"
  Assets:Short    10.00 EUR
  Assets:Test    -10.00 EUR

2018-04-18 * "Preserve whitespace: shorter"
  Assets:Short  	10.00 EUR
  Assets:Test	-10.00 EUR

2018-04-18 * "Preserve whitespace: shorter"
  Assets:Short
  Assets:Test                         -10.00 EUR

2018-04-18 * "Preserve whitespace: longer"
  Assets:MuchLonger                    10.00 EUR
  Assets:Test                         -10.00 EUR

; Impossible to preserve
2018-04-18 * "Preserve whitespace: longer"
  Assets:MuchLonger  10.00 EUR
  Assets:Test   -10.00 EUR

2018-04-18 * "Preserve whitespace: longer"
  Assets:MuchLonger	10.00 EUR
  Assets:Test	-10.00 EUR

2018-04-18 * "Preserve whitespace: longer"
  Assets:MuchLonger
  Assets:Test                         -10.00 EUR

2018-04-18 * "Preserve whitespace: same"
  Assets:Bash                          10.00 EUR
  Assets:Test                         -10.00 EUR

2018-04-18 * "Preserve whitespace: same"
  Assets:Bash  10.00 EUR
  Assets:A    -10.00 EUR

2018-04-18 * "Preserve whitespace: same"
  Assets:Bash	10.00 EUR
  Assets:Test	-10.00 EUR

2018-04-18 * "Preserve whitespace: same"
  Assets:Bash
  Assets:Test                         -10.00 EUR

2018-10-22 txn "Whitespace is not part of account name"
  Assets:Test                      10.00 EUR
  Assets:Bank 	            -10.00 EUR

2018-10-22 txn "Whitespace is not part of account name"
  Assets:Test                      10.00 EUR
  Assets:Bank   	            -10.00 EUR

2018-10-22 txn "Trailing whitespace is not part of account name"
  Assets:Test                      10.00 EUR
  Assets:Bank 

2018-10-22 txn "Trailing whitespace is not part of account name"
  Assets:Test                      10.00 EUR
  Assets:Bank	

2018-10-22 txn "Trailing whitespace is not part of account name"
  Assets:Test                      10.00 EUR
  Assets:Bank 	

2018-10-22 txn "Trailing whitespace is not part of account name"
  Assets:Test                      10.00 EUR
  Assets:Bank   

2018-10-22 txn "Trailing whitespace is not part of account name"
  Assets:Test                      10.00 EUR
  Assets:Bank  	

2018-10-22 txn "Trailing whitespace is not part of account name"
  Assets:Test                      10.00 EUR
  Assets:Bank   	

2019-02-28 txn "Tab after account name"
  Assets:Test                           10.00 EUR
  Assets:Bank	                         -10.00 EUR

2019-02-28 txn "Tab after account name"
  Assets:Test                           10.00 EUR
  Assets:Bank	                         -10.00 EUR

1970-01-01 open Assets:Bank:Debian
1970-01-01 open Assets:Bank--Debian-
1970-01-01 open Assets:Bank-Debian-bar
1970-01-01 open Assets:Bank:Debian:Bar

2018-01-02 * "Account name with brackets"
  Expenses:Foo                      10.00 USD
  Assets:Bank:Debian               -10.00 USD

2018-01-02 * "Account name with brackets"
  Expenses:Foo                      10.00 USD
  Assets:Bank--Debian-             -10.00 USD

2018-01-02 * "Account name with brackets"
  Expenses:Foo                      10.00 USD
  Assets:Bank-Debian-bar           -10.00 USD

2018-01-02 * "Account name with brackets"
  Expenses:Foo                      10.00 USD
  Assets:Bank:Debian:Bar           -10.00 USD

2018-01-02 * "Account name with brackets, as virtual posting"
  Expenses:Foo                      10.00 USD
  Assets:Bank                      -10.00 USD

2018-01-02 * "Account name with brackets, as virtual posting"
  Expenses:Foo                      10.00 USD
  Assets:Bank                      -10.00 USD

2018-01-02 * "Account name with brackets, as virtual posting"
  Expenses:Foo                      10.00 USD
  Assets:Bank                      -10.00 USD

2018-01-02 * "Account name with brackets, as virtual posting"
  Expenses:Foo                      10.00 USD
  Assets:Bank                      -10.00 USD

2018-01-02 * "Account name with brackets, as virtual posting"
  Expenses:Foo                      10.00 USD
  Assets:Bank                       -8.00 USD
  Assets:Bank:Debian                -2.00 USD

2018-01-02 * "Account name with brackets, as virtual posting"
  Expenses:Foo                      10.00 USD
  Assets:Bank                       -8.00 USD
  Assets:Bank--Debian-              -2.00 USD

2018-01-02 * "Account name with brackets, as virtual posting"
  Expenses:Foo                      10.00 USD
  Assets:Bank                       -8.00 USD
  Assets:Bank-Debian-bar            -2.00 USD

2018-01-02 * "Account name with brackets, as virtual posting"
  Expenses:Foo                      10.00 USD
  Assets:Bank                       -8.00 USD
  Assets:Bank:Debian:Bar            -2.00 USD

