;----------------------------------------------------------------------
; ledger2beancount conversion notes:
;   - Skipped second account declaration for Expenses:Travel (old Expenses:Bar:Travel)
;   - Virtual posting in parentheses ignored
;   - Account Revenue not allowed; it needs a subaccount, e.g. Revenue:Subaccount
;   - Non-standard root name Revenue used; please set name_* option
;   - Account Accrued:Accounts Payable:Baz renamed to Liabilities:Accounts-Payable:Baz
;   - Account Assets:Bank Debian)bar renamed to Assets:Bank-Debian-bar
;   - Account Assets:Bank [Debian] renamed to Assets:Bank--Debian-
;   - Account Assets:test renamed to Assets:Test
;   - Account Assets:♚_DASD!;?@#$!%^& *"(*(0-;♚ds renamed to Assets:X-DASD----------------0---ds
;   - Account Assets:♚foo:♚bar renamed to Assets:Xfoo:Xbar
;   - Account Expenses:École républicaine renamed to Expenses:École-républicaine
;   - Account Expenses:école renamed to Expenses:École
;   - Account Liabilities:Credit Card:Test renamed to Liabilities:Credit-Card:Test
;   - Account Liabilities:credit Card:test renamed to Liabilities:Credit-Card:Test
;   - Account Revenue renamed to Revenue:Subaccount
;   - Account assets:test renamed to Assets:Test
;   - Account expenses:purchase renamed to Expenses:Purchase
;   - Collision for account "Assets:Collision": Assets:Coll1, Assets:Coll2
;   - Collision for account "Assets:Test": Assets:Test, Assets:test, assets:test
;   - Collision for account "Equity:Opening-Balance": Equity:Opening balance, Equity:Opening-Balance
;   - Collision for account "Expenses:Travel": Expenses:Bar:Travel, Expenses:Foo:Travel
;   - Collision for account "Liabilities:Credit-Card:Test": Liabilities:Credit Card:Test, Liabilities:credit Card:test
;----------------------------------------------------------------------


option "title" "Test account names"
option "name_income" "Revenue"

1970-01-01 open Assets:A
1970-01-01 open Assets:Accounts-Receivable:Bar
1970-01-01 open Assets:Accounts-Receivable:Foo
1970-01-01 open Assets:Bank
1970-01-01 open Assets:Bash
1970-01-01 open Assets:Collision
1970-01-01 open Assets:MuchLonger
1970-01-01 open Assets:Short
1970-01-01 open Expenses:Foo
1970-01-01 open Liabilities:Accounts-Payable:Baz
1970-01-01 open Revenue:Foo
1970-01-01 open Revenue:Interest
1970-01-01 open Revenue:Salary
1970-01-01 open Revenue:Subaccount
1970-01-01 commodity USD
; Beancount: 2.1.0

1970-01-01 open Assets:Test
  description: "Test account"
;   alias food
;   default

1970-01-01 open Equity:Opening-Balance
  description: "opening balance..."
1970-01-01 open Assets:Vouchers:99Ranch
1970-01-01 open Assets:Vouchers:99Ranch:99Test
1970-01-01 open Liabilities:Credit-Card:Test
1970-01-01 open Assets:Vouchers:99test
1970-01-01 open Assets:X-DASD----------------0---ds
1970-01-01 open Assets:Xfoo:Xbar
1970-01-01 open Expenses:École-républicaine
1970-01-01 open Expenses:École
1970-01-01 open Assets:Crowns
1970-01-01 open Assets:Test:I-Love-Crowns
1970-01-01 open Assets:Commodity-Test123
1970-01-01 open Expenses:Purchase

; These accounts lead to name collision
1970-01-01 open Expenses:Travel

1970-01-01 commodity EUR

2018-03-17 * "Test 1"
  Assets:Test                        10.00 EUR
  Equity:Opening-Balance            -10.00 EUR

2018-03-17 * "Test 2"
  Assets:Test
  Equity:Opening-Balance            -10.00 EUR

2018-03-17 * "Test 3"
  Assets:Test                        10.00 EUR
  Equity:Opening-Balance

2018-03-17 * "Test 4"
  Assets:Test                           10 EUR
  Equity:Opening-Balance

; Account with space
2018-03-17 * "Test"
  Assets:Test                        10.00 EUR
  Equity:Opening-Balance            -10.00 EUR

2018-03-17 * "Test 1"
  Assets:Test  10.00 EUR
  Equity:Opening-Balance  -10.00 EUR

2018-03-17 * "Test 1"
  Assets:Test	10.00 EUR
  Equity:Opening-Balance	-10.00 EUR

2018-03-17 txn "Test: account with space and flag"
  * Assets:Test                        10.00 EUR
  ! Equity:Opening-Balance            -10.00 EUR

2018-03-18 * "Test"
  Assets:Test                        10.00 EUR
  Equity:Opening-Balance                        ; comment

2018-03-18 * "Account name with space"
  Liabilities:Credit-Card:Test      -10.00 EUR
  Equity:Opening-Balance

2018-03-18 * "Account name starting with lower case"
  Assets:Test                        10.00 EUR
  Equity:Opening-Balance

2018-03-18 * "Account name with space and ucfirst"
  Liabilities:Credit-Card:Test      -10.00 EUR
  Equity:Opening-Balance

2018-03-18 * "Account name starting with digits"
  Assets:Vouchers:99Ranch            10.00 EUR
  Equity:Opening-Balance

2018-03-18 * "2 account name starting with digits"
  Assets:Vouchers:99Ranch:99Test     10.00 EUR
  Equity:Opening-Balance

2018-03-18 * "Lower case after digit"
  Assets:Vouchers:99test             10.00 EUR
  Equity:Opening-Balance

2018-03-26 * "Interesting account name"
  Assets:X-DASD----------------0---ds   10.00 EUR
  Equity:Opening-Balance               -10.00 EUR

2018-03-26 * "Interesting account name, mapped before conversion"
  Assets:Crowns                      10.00 EUR
  Equity:Opening-Balance            -10.00 EUR

2018-03-26 * "Interesting account name, mapped after conversion"
  Assets:Test:I-Love-Crowns          10.00 EUR
  Equity:Opening-Balance            -10.00 EUR

2018-03-26 * "Ensure first letter is upper case letter"
  Assets:Xfoo:Xbar                   10.00 EUR
  Equity:Opening-Balance            -10.00 EUR

2018-03-26 * "Drop accents"
  Expenses:École-républicaine        10.00 EUR
  Equity:Opening-Balance            -10.00 EUR

2018-03-26 * "Ensure first letter is upper case letter"
  Expenses:École                     10.00 EUR
  Equity:Opening-Balance            -10.00 EUR

2018-03-27 * "Account name could be mistaken for commodity"
  Assets:Test                        10.00 EUR
  Assets:Commodity-Test123

2018-03-28 * "all lower case account names"
  Expenses:Purchase                  10.00 EUR
  Assets:Test

2018-03-29 * "Mapping creating collision"
  Assets:Collision                       1 EUR
  Equity:Opening-Balance

2018-03-29 * "Mapping creating collision"
  Assets:Collision                       1 EUR
  Equity:Opening-Balance

2018-04-18 * "Preserve whitespace: shorter"
  Assets:Short                         10.00 EUR
  Assets:Test                         -10.00 EUR

2018-04-18 * "Preserve whitespace: shorter"
  Assets:Short    10.00 EUR
  Assets:Test    -10.00 EUR

2018-04-18 * "Preserve whitespace: shorter"
  Assets:Short  	10.00 EUR
  Assets:Test	-10.00 EUR

2018-04-18 * "Preserve whitespace: shorter"
  Assets:Short
  Assets:Test                         -10.00 EUR

2018-04-18 * "Preserve whitespace: longer"
  Assets:MuchLonger                    10.00 EUR
  Assets:Test                         -10.00 EUR

; Impossible to preserve
2018-04-18 * "Preserve whitespace: longer"
  Assets:MuchLonger  10.00 EUR
  Assets:Test   -10.00 EUR

2018-04-18 * "Preserve whitespace: longer"
  Assets:MuchLonger	10.00 EUR
  Assets:Test	-10.00 EUR

2018-04-18 * "Preserve whitespace: longer"
  Assets:MuchLonger
  Assets:Test                         -10.00 EUR

2018-04-18 * "Preserve whitespace: same"
  Assets:Bash                          10.00 EUR
  Assets:Test                         -10.00 EUR

2018-04-18 * "Preserve whitespace: same"
  Assets:Bash  10.00 EUR
  Assets:A    -10.00 EUR

2018-04-18 * "Preserve whitespace: same"
  Assets:Bash	10.00 EUR
  Assets:Test	-10.00 EUR

2018-04-18 * "Preserve whitespace: same"
  Assets:Bash
  Assets:Test                         -10.00 EUR

2018-10-22 txn "Whitespace is not part of account name"
  Assets:Test                      10.00 EUR
  Assets:Bank 	            -10.00 EUR

2018-10-22 txn "Whitespace is not part of account name"
  Assets:Test                      10.00 EUR
  Assets:Bank   	            -10.00 EUR

2018-10-22 txn "Trailing whitespace is not part of account name"
  Assets:Test                      10.00 EUR
  Assets:Bank 

2018-10-22 txn "Trailing whitespace is not part of account name"
  Assets:Test                      10.00 EUR
  Assets:Bank	

2018-10-22 txn "Trailing whitespace is not part of account name"
  Assets:Test                      10.00 EUR
  Assets:Bank 	

2018-10-22 txn "Trailing whitespace is not part of account name"
  Assets:Test                      10.00 EUR
  Assets:Bank   

2018-10-22 txn "Trailing whitespace is not part of account name"
  Assets:Test                      10.00 EUR
  Assets:Bank  	

2018-10-22 txn "Trailing whitespace is not part of account name"
  Assets:Test                      10.00 EUR
  Assets:Bank   	

2019-02-28 txn "Tab after account name"
  Assets:Test                           10.00 EUR
  Assets:Bank	                         -10.00 EUR

2019-02-28 txn "Tab after account name"
  Assets:Test                           10.00 EUR
  Assets:Bank	                         -10.00 EUR

1970-01-01 open Assets:Bank:Debian
1970-01-01 open Assets:Bank--Debian-
1970-01-01 open Assets:Bank-Debian-bar
1970-01-01 open Assets:Bank:Debian:Bar

2018-01-02 * "Account name with brackets"
  Expenses:Foo                      10.00 USD
  Assets:Bank:Debian               -10.00 USD

2018-01-02 * "Account name with brackets"
  Expenses:Foo                      10.00 USD
  Assets:Bank--Debian-             -10.00 USD

2018-01-02 * "Account name with brackets"
  Expenses:Foo                      10.00 USD
  Assets:Bank-Debian-bar           -10.00 USD

2018-01-02 * "Account name with brackets"
  Expenses:Foo                      10.00 USD
  Assets:Bank:Debian:Bar           -10.00 USD

2018-01-02 * "Account name with brackets, as virtual posting"
  Expenses:Foo                      10.00 USD
  Assets:Bank                      -10.00 USD

2018-01-02 * "Account name with brackets, as virtual posting"
  Expenses:Foo                      10.00 USD
  Assets:Bank                      -10.00 USD

2018-01-02 * "Account name with brackets, as virtual posting"
  Expenses:Foo                      10.00 USD
  Assets:Bank                      -10.00 USD

2018-01-02 * "Account name with brackets, as virtual posting"
  Expenses:Foo                      10.00 USD
  Assets:Bank                      -10.00 USD

2018-01-02 * "Account name with brackets, as virtual posting"
  Expenses:Foo                      10.00 USD
  Assets:Bank                       -8.00 USD
  Assets:Bank:Debian                -2.00 USD

2018-01-02 * "Account name with brackets, as virtual posting"
  Expenses:Foo                      10.00 USD
  Assets:Bank                       -8.00 USD
  Assets:Bank--Debian-              -2.00 USD

2018-01-02 * "Account name with brackets, as virtual posting"
  Expenses:Foo                      10.00 USD
  Assets:Bank                       -8.00 USD
  Assets:Bank-Debian-bar            -2.00 USD

2018-01-02 * "Account name with brackets, as virtual posting"
  Expenses:Foo                      10.00 USD
  Assets:Bank                       -8.00 USD
  Assets:Bank:Debian:Bar            -2.00 USD

2019-03-27 txn "Don't confuse account and amount due to tabs"
  Assets:Bank 	 -35.00 EUR
  Expenses:Foo	 35.00 EUR

2019-03-27 txn "Invalid account: root is not valid, needs subaccount"
  Assets:Bank     42.00 EUR
  Revenue:Subaccount

2019-03-27 txn "Non-standard root name"
  Assets:Bank                      100.00 EUR
  Revenue:Salary                  -100.00 EUR

2019-03-27 txn "Non-standard root name (after mapping)"
  Assets:Bank                        1.00 EUR
  Revenue:Interest                  -1.00 EUR

2019-04-06 * "Name collision and account declarations"
  Expenses:Travel                   11.00 EUR
  Assets:Bank                      -11.00 EUR

2019-04-06 * "Name collision and account declarations"
  Expenses:Travel                   22.00 EUR
  Assets:Bank                      -22.00 EUR

2019-04-17 * "Mass rename of accounts using account_regex"
  Assets:Accounts-Receivable:Foo    10.00 EUR
  Revenue:Foo                      -10.00 EUR

2019-04-17 * "Mass rename of accounts using account_regex"
  Assets:Accounts-Receivable:Bar    10.00 EUR
  Revenue:Foo                      -10.00 EUR

2019-04-17 * "Mass rename of accounts using account_regex - leads to a name that requires further changes"
  Liabilities:Accounts-Payable:Baz  10.00 EUR
  Expenses:Foo                     -10.00 EUR

