
1970-01-01 open Assets:Test
  description: "Test account"

1970-01-01 open Equity:Opening-Balance
  description: "opening balance..."
1970-01-01 open Assets:Vouchers:99Ranch
1970-01-01 open Assets:Vouchers:99Ranch:99Test
1970-01-01 open Liabilities:Credit-Card:Test
1970-01-01 open Assets:Vouchers:99test
1970-01-01 open Assets:X-DASD----------------0---ds
1970-01-01 open Assets:Xfoo:Xbar
1970-01-01 open Expenses:Ecole-republicaine
1970-01-01 open Expenses:Ecole
1970-01-01 open Assets:Crowns
1970-01-01 open Assets:Test:I-Love-Crowns
1970-01-01 open Assets:Commodity-Test123

1970-01-01 commodity EUR

2018-03-17 * "Test 1"
  Assets:Test                        10.00 EUR
  Equity:Opening-Balance            -10.00 EUR

2018-03-17 * "Test 2"
  Assets:Test
  Equity:Opening-Balance            -10.00 EUR

2018-03-17 * "Test 3"
  Assets:Test                        10.00 EUR
  Equity:Opening-Balance

2018-03-17 * "Test 4"
  Assets:Test                           10 EUR
  Equity:Opening-Balance

; Account with space
2018-03-17 * "Test"
  Assets:Test                        10.00 EUR
  Equity:Opening-Balance            -10.00 EUR

2018-03-17 * "Test 1"
  Assets:Test  10.00 EUR
  Equity:Opening-Balance  -10.00 EUR

2018-03-17 * "Test 1"
  Assets:Test	10.00 EUR
  Equity:Opening-Balance	-10.00 EUR

2018-03-17 txn "Test: account with space and flag"
  * Assets:Test                        10.00 EUR
  ! Equity:Opening-Balance            -10.00 EUR

2018-03-18 * "Test"
  Assets:Test                        10.00 EUR
  Equity:Opening-Balance                       ; comment

2018-03-18 * "Account name with space"
  Liabilities:Credit-Card:Test      -10.00 EUR
  Equity:Opening-Balance

2018-03-18 * "Account name starting with lower case"
  Assets:Test                        10.00 EUR
  Equity:Opening-Balance

2018-03-18 * "Account name with space and ucfirst"
  Liabilities:Credit-Card:Test      -10.00 EUR
  Equity:Opening-Balance

2018-03-18 * "Account name starting with digits"
  Assets:Vouchers:99Ranch            10.00 EUR
  Equity:Opening-Balance

2018-03-18 * "2 account name starting with digits"
  Assets:Vouchers:99Ranch:99Test     10.00 EUR
  Equity:Opening-Balance

2018-03-18 * "Lower case after digit"
  Assets:Vouchers:99test             10.00 EUR
  Equity:Opening-Balance

2018-03-26 * "Interesting account name"
  Assets:X-DASD----------------0---ds   10.00 EUR
  Equity:Opening-Balance               -10.00 EUR

2018-03-26 * "Interesting account name, mapped before conversion"
  Assets:Crowns                        10.00 EUR
  Equity:Opening-Balance            -10.00 EUR

2018-03-26 * "Interesting account name, mapped after conversion"
  Assets:Test:I-Love-Crowns            10.00 EUR
  Equity:Opening-Balance            -10.00 EUR

2018-03-26 * "Ensure first letter is upper case letter"
  Assets:Xfoo:Xbar                   10.00 EUR
  Equity:Opening-Balance            -10.00 EUR

2018-03-26 * "Drop accents"
  Expenses:Ecole-republicaine        10.00 EUR
  Equity:Opening-Balance            -10.00 EUR

2018-03-26 * "Ensure first letter is upper case letter"
  Expenses:Ecole                     10.00 EUR
  Equity:Opening-Balance            -10.00 EUR

2018-03-27 * "Account name could be mistaken for commodity"
  Assets:Test                        10.00 EUR
  Assets:Commodity-Test123

