
2018-03-17 * Test quoted commodity
    Assets:Test                      1 "DE0002635307"
    Equity:Opening-Balance          -1 "DE0002635307"

2018-03-17 * Test commodity mapping
    Assets:Test                      1 Chase
    Equity:Opening-Balance          -1 Chase

2018-03-18 * Test quoted commodity with defined mapping
    Assets:Test                      1 "M&M"
    Equity:Opening-Balance          -1 "M&M"

2018-03-18 * Test quoted commodity with defined mapping missing quotes
    Assets:Test                      1 "M&M2"
    Equity:Opening-Balance          -1 "M&M2"

2018-03-18 * Test upper case
    Assets:Test                      1 Gandi
    Equity:Opening-Balance          -1 Gandi

2017-03-31 * Test with account name containing same string as commodity
    Expenses:Test                                         140616 Gandi
    Assets:Test                                          -140616 Gandi

