option "operating_currency" "EUR"


2018-03-17 * "Test quoted commodity"
  Assets:Test                      1 DE0002635307
  Equity:Opening-Balance          -1 DE0002635307

2018-03-17 * "Test commodity mapping"
  Assets:Test                      1 UR
  Equity:Opening-Balance          -1 UR

2018-03-18 * "Test quoted commodity with defined mapping"
  Assets:Test                      1 MILESMORE
  Equity:Opening-Balance          -1 MILESMORE

2018-03-18 * "Test quoted commodity with defined mapping missing quotes"
  Assets:Test                      1 MILESMORE2
  Equity:Opening-Balance          -1 MILESMORE2

2018-03-18 * "Test upper case"
  Assets:Test                      1 GANDI
  Equity:Opening-Balance          -1 GANDI

2017-03-31 * "Test with account name containing same string as commodity"
  Expenses:Test                                         140616 GANDI
  Assets:Test                                          -140616 GANDI

2018-03-20 * "Account name ending in digits - digits not part of amount"
  Assets:Test123                     10.00 EUR
  Equity:Opening-Balance

