1970-01-01 open Assets:Test
1970-01-01 open Equity:Opening-Balance
1970-01-01 commodity EUR

1970-01-01 txn "open Assets:Test"

1970-01-01 txn "open Equity:Opening-Balance"

1970-01-01 txn "commodity EUR"


; = expr true
;   Assets:Foo                          50.00 USD
;   Assets:Bar                         -50.00 USD

; = /^(?:Income:|Expenses:(?:Business|Rent$|Furnishings|Taxes|Insurance))/
;   (Liabilities:Huququ'llah)               0.19

; ~ Yearly
;   Expenses:Auto:Repair        $500.00
;   Assets

; payee KFC
;   alias KENTUCKY FRIED CHICKEN
;   uuid 2a2e21d434356f886c84371eebac6e44f1337fda

; payee McD

; payee Burger King

; setting year 2015

2015-10-02 * "Transaction without year"
  Assets:Test                        10.00 EUR
  Equity:Opening-Balance            -10.00 EUR

2015-10-02 * "Transaction without year, with aux date"
  aux-date: 2015-10-01
  Assets:Test                        10.00 EUR
  Equity:Opening-Balance            -10.00 EUR

; setting year 2016

2016-10-02 * "Transaction without year"
  Assets:Test                        10.00 EUR
  Equity:Opening-Balance            -10.00 EUR

2016-10-02 * "Transaction without year, with aux date"
  aux-date: 2016-10-01
  Assets:Test                        10.00 EUR
  Equity:Opening-Balance            -10.00 EUR

2018-03-25 * "Transaction with year"
  Assets:Test                        10.00 EUR
  Equity:Opening-Balance            -10.00 EUR

include "include1.beancount"
include "include2.beancount"
include "include3.beancount"

