
account Assets:Test
account Equity:Opening-Balance
account Income:Capital-Gain

commodity ETH
commodity EUR
commodity GBP
commodity "LU0274208692"
commodity MR
commodity USD
commodity XX
commodity XXXx

2018-03-17 * Opening balance
    Assets:Test              100.00 EUR {{90.00 GBP}}
    Equity:Opening-Balance

2018-03-17 * Opening balance
    Assets:Test              100.00 EUR {0.90 GBP}
    Equity:Opening-Balance

2018-03-17 * Test
    Assets:Test               10.00 EUR {0.90 GBP}
    Equity:Opening-Balance    -9.00 GBP

2018-03-17 * Test
    Assets:Test               10.00 EUR { 0.90 GBP}
    Equity:Opening-Balance    -9.00 GBP

2018-03-17 * Test
    Assets:Test               10.00 EUR { 0.90 GBP }
    Equity:Opening-Balance    -9.00 GBP

2018-03-17 * Test
    Assets:Test               10.00 EUR {   0.90 GBP }
    Equity:Opening-Balance    -9.00 GBP

2018-03-17 * Test
    Assets:Test               10.00 EUR {{ 9 GBP}}
    Equity:Opening-Balance    -9.00 GBP

2018-03-17 * Test
    Assets:Test               10.00 EUR {0.90 GBP} @ 0.90 GBP
    Equity:Opening-Balance    -9.00 GBP

2018-03-17 * Test
    Assets:Test               10.00 EUR {1.23 USD} [2018-03-16] @ 1.23 USD
    Equity:Opening-Balance   -12.30 USD

2018-03-17 * Test
    Assets:Test               10.00 EUR {1.23 USD}  [2018-03-16] @ 1.23 USD
    Equity:Opening-Balance   -12.30 USD

2018-03-20 * Lot cost, no lot price
    Assets:Test                1.00 EUR {0.90 GBP} [2018-03-18]
    Equity:Opening-Balance

2018-03-17 * Test
    Assets:Test               10.00 EUR {0.90 GBP}  @  0.90 GBP
    Equity:Opening-Balance    -9.00 GBP

2018-03-17 * Test
    Assets:Test              -10.00 EUR {0.90 GBP} @ 0.95 GBP
    Assets:Test                9.50 GBP
    Income:Capital-Gain       -0.50 GBP

2018-03-17 * Test
    Assets:Test              -10.00 EUR {0.90 GBP}  @   0.95 GBP
    Assets:Test                9.50 GBP
    Income:Capital-Gain       -0.50 GBP

2018-03-17 * Test
    Assets:Test               10.00 EUR {{9 GBP}}
    Equity:Opening-Balance    -9.00 GBP

2018-03-17 * Test
    Assets:Test               10.00 EUR {{9.00 GBP}}
    Equity:Opening-Balance    -9.00 GBP

2018-03-17 * Test
    Assets:Test               10.00 EUR {{ 9.00 GBP }}
    Equity:Opening-Balance    -9.00 GBP

2018-03-17 * Test
    Assets:Test               10.00 EUR {{9.00 GBP}} @@ 9.00 GBP
    Equity:Opening-Balance    -9.00 GBP

2018-03-17 * Test
    Assets:Test               10.00 EUR {{9.00 GBP}}  @@  9.00 GBP
    Equity:Opening-Balance    -9.00 GBP

2018-03-20 * Lot cost, no lot price
    Assets:Test                1.00 EUR {{0.90 GBP}} [2018-03-18]
    Equity:Opening-Balance

2018-03-17 * Test
    Assets:Test               10.00 EUR {{12.30 USD}} [2018-03-16] @@ 12.30 USD
    Equity:Opening-Balance   -12.30 USD

2018-03-17 * Test
    Assets:Test               10.00 EUR {{12.30 USD}}   [2018-03-16]  @@ 12.30 USD
    Equity:Opening-Balance   -12.30 USD

2018-03-17 * Test
    Assets:Test               10.00 EUR {{9 GBP}} @@ 9 GBP
    Equity:Opening-Balance   -9.00 GBP

2018-03-17 * Test
    Assets:Test               10.00 EUR {{ 9 GBP }}  @@  9 GBP
    Equity:Opening-Balance   -9.00 GBP

2018-03-17 * Test
    Assets:Test              -10.00 EUR {{9.00 GBP}} @@ 9.50 GBP
    Assets:Test                9.50 GBP
    Income:Capital-Gain       -0.50 GBP

2018-03-17 * Test
    Assets:Test              -10.00 EUR {{9.00 GBP}} @ 0.95 GBP
    Assets:Test                9.50 GBP
    Income:Capital-Gain       -0.50 GBP

2018-03-17 * Test
    Assets:Test              -10.00 EUR {0.90 GBP} @@ 9.50 GBP
    Assets:Test                9.50 GBP
    Income:Capital-Gain       -0.50 GBP

2018-03-17 * Test
    Assets:Test               10.00 EUR @ 0.90 GBP
    Equity:Opening-Balance    -9.00 GBP

2018-03-17 * Test
    Assets:Test               10.00 EUR @@ 9.00 GBP
    Equity:Opening-Balance    -9.00 GBP

2018-03-17 * Test
    Assets:Test        1 "LU0274208692" @ 48.67 EUR
    Equity:Opening-Balance   -48.67 EUR

2018-03-17 * Test
    Assets:Test        1 "LU0274208692" @@ 48.67 EUR
    Equity:Opening-Balance   -48.67 EUR

2018-03-17 * Test
    Assets:Test               1.00 ETH @ 6500.00 EUR
    Equity:Opening-Balance    -6500.00 EUR

2018-03-17 * Test
    Assets:Test               1.00 ETH @@ 6500.00 EUR
    Equity:Opening-Balance    -6500.00 EUR

2018-03-21 * Lot note
    Assets:Test               10.00 EUR {1.23 USD} (this is a note) @ 1.23 USD
    Equity:Opening-Balance   -12.30 USD

2018-03-21 * Lot note with lot date
    Assets:Test               10.00 EUR {1.23 USD} [2018-03-16] (note! oh my @ what) @ 1.23 USD
    Equity:Opening-Balance   -12.30 USD

2018-03-21 * Lot note
    Assets:Test               10.00 EUR {{12.30 USD}} (a note) @@ 12.30 USD
    Equity:Opening-Balance   -12.30 USD

2018-03-21 * Lot note with date
    Assets:Test               10.00 EUR {{12.30 USD}} [2018-03-16] (whatever) @@ 12.30 USD
    Equity:Opening-Balance   -12.30 USD

2018-03-21 * Lot note with date and no space
    Assets:Test               10.00 EUR {{12.30 USD}}[2018-03-16](whatever)@@12.30 USD
    Equity:Opening-Balance   -12.30 USD

2018-03-20 * Commodity treated as currency
    Assets:Test                42.30 USD @@ 5641 MR
    Assets:Test                            -5641 MR

2018-03-27 * Commodity treated as currency, transformed
    Assets:Test              42.30 USD @@ 5641 XXXx
    Assets:Test                          -5641 XXXx

2018-03-27 * Commodity treated as currency, mapped
    Assets:Test                42.30 USD @@ 5641 XX
    Assets:Test                            -5641 XX

2018-04-22 * Lot with comment
    Assets:Test               10.00 EUR {0.90 GBP}   ; comment
    Equity:Opening-Balance    -9.00 GBP

2018-04-22 * Lot with comment
    Assets:Test               10.00 EUR {0.90 GBP} @ 0.90 GBP ; comment
    Equity:Opening-Balance    -9.00 GBP

2018-04-22 * Lot with comment
    Assets:Test               10.00 EUR {1.23 USD} [2018-03-16] @ 1.23 USD ;comment
    Equity:Opening-Balance   -12.30 USD

2018-04-22 * Lot with comment
    Assets:Test              -10.00 EUR {0.90 GBP} [2018-03-17] @ 0.95 GBP ; comment
    Assets:Test                9.50 GBP
    Income:Capital-Gain       -0.50 GBP

2018-04-22 * Lot with comment
    Assets:Test               10.00 EUR {{12.30 USD}} [2018-03-16] @@ 12.30 USD ; comment
    Equity:Opening-Balance   -12.30 USD

2018-04-22 * Lot with comment
    Assets:Test               10.00 EUR {1.23 USD} (this is a note) @ 1.23 USD ; comment
    Equity:Opening-Balance   -12.30 USD

