option "operating_currency" "EUR"


2018-03-17 * "Opening balance"
  Assets:Test              100.00 EUR {{90.00 GBP}}
  Equity:Opening-Balance

2018-03-17 * "Opening balance"
  Assets:Test              100.00 EUR {0.90 GBP}
  Equity:Opening-Balance

2018-03-17 * "Test"
  Assets:Test               10.00 EUR {9.00 GBP}
  Equity:Opening-Balance   -90.00 GBP

2018-03-17 * "Test"
  Assets:Test               10.00 EUR { 9.00 GBP}
  Equity:Opening-Balance   -90.00 GBP

2018-03-17 * "Test"
  Assets:Test               10.00 EUR { 9.00 GBP }
  Equity:Opening-Balance   -90.00 GBP

2018-03-17 * "Test"
  Assets:Test               10.00 EUR {   9.00 GBP }
  Equity:Opening-Balance   -90.00 GBP

2018-03-17 * "Test"
  Assets:Test               10.00 EUR {9 GBP}
  Equity:Opening-Balance   -90.00 GBP

2018-03-17 * "Test"
  Assets:Test               10.00 EUR { 9 GBP}
  Equity:Opening-Balance   -90.00 GBP

2018-03-17 * "Test"
  Assets:Test               10.00 EUR {9.00 GBP}
  Equity:Opening-Balance   -90.00 GBP

2018-03-17 * "Test"
  Assets:Test               10.00 EUR {9 GBP}
  Equity:Opening-Balance   -90.00 GBP

2018-03-17 * "Test"
  Assets:Test              -10.00 EUR {0.90 GBP} @ 0.95 GBP
  Assets:Test                9.50 GBP
  Income:Capital-Gain       -0.50 GBP

2018-03-17 * "Test"
  Assets:Test              -10.00 EUR {0.90 GBP} @ 0.95 GBP
  Assets:Test                9.50 GBP
  Income:Capital-Gain       -0.50 GBP

2018-03-17 * "Test"
  Assets:Test               10.00 EUR {{9 GBP}}
  Equity:Opening-Balance    -9.00 GBP

2018-03-17 * "Test"
  Assets:Test               10.00 EUR {{9.00 GBP}}
  Equity:Opening-Balance    -9.00 GBP

2018-03-17 * "Test"
  Assets:Test               10.00 EUR {{ 9.00 GBP }}
  Equity:Opening-Balance    -9.00 GBP

2018-03-17 * "Test"
  Assets:Test               10.00 EUR {{9.00 GBP}}
  Equity:Opening-Balance    -9.00 GBP

2018-03-17 * "Test"
  Assets:Test              -10.00 EUR {{9.00 GBP}} @@ 9.50 GBP
  Assets:Test                9.50 GBP
  Income:Capital-Gain       -0.50 GBP

2018-03-17 * "Test"
  Assets:Test              -10.00 EUR {{9.00 GBP}} @ 0.95 GBP
  Assets:Test                9.50 GBP
  Income:Capital-Gain       -0.50 GBP

2018-03-17 * "Test"
  Assets:Test              -10.00 EUR {0.90 GBP} @@ 9.50 GBP
  Assets:Test                9.50 GBP
  Income:Capital-Gain       -0.50 GBP

2018-03-17 * "Test"
  Assets:Test               10.00 EUR @ 0.90 GBP
  Equity:Opening-Balance    -9.00 GBP

2018-03-17 * "Test"
  Assets:Test               10.00 EUR @@ 9.00 GBP
  Equity:Opening-Balance    -9.00 GBP

2018-03-17 * "Test"
  Assets:Test        1 LU0274208692 {48.67 EUR}
  Equity:Opening-Balance   -48.67 EUR

2018-03-17 * "Test"
  Assets:Test        1 LU0274208692 {{48.67 EUR}}
  Equity:Opening-Balance   -48.67 EUR

2018-03-17 * "Test"
  Assets:Test               1.00 ETH {6500.00 EUR}
  Equity:Opening-Balance    -6500.00 EUR

2018-03-17 * "Test"
  Assets:Test               1.00 ETH {{6500.00 EUR}}
  Equity:Opening-Balance    -6500.00 EUR

