;----------------------------------------------------------------------
; ledger2beancount conversion notes:
;
;   - Virtual posting in parentheses ignored
;   - Comment or metadata on virtual posting preserved as comment
;   - Virtual posting in bracket ignored (see convert_virtual option)
;   - Commodity Avios renamed to AVIOS
;   - Metadata key 2012 renamed to x2012
;   - Metadata key 2012foo renamed to x2012foo
;   - Metadata key Date renamed to date
;   - Metadata key Invoice renamed to invoice
;   - Metadata key TEST1234TEST renamed to test1234test
;   - Metadata key TP renamed to tp
;   - Metadata key Trip renamed to trip
;   - Metadata key a renamed to ax
;   - Metadata key test:test renamed to test-test
;   - Metadata key test♔ renamed to test-
;   - Metadata key test♚ renamed to test-
;   - Collision for metadata test-: test♔, test♚
;----------------------------------------------------------------------

; Beancount: 2.1.0
; SPDX-FileCopyrightText: © 2018 Martin Michlmayr <tbm@cyrius.com>
;
; SPDX-License-Identifier: GPL-3.0-or-later

1970-01-01 open Assets:Test
1970-01-01 open Equity:Opening-Balance

1970-01-01 commodity EUR

1970-01-01 open Assets:Cash
1970-01-01 open Assets:Rewards
1970-01-01 open Expenses:Food
1970-01-01 open Income:Rewards

1970-01-01 commodity AVIOS

2018-03-19 * "Metadata after posting, with amount"
  test: "foo bar baz"
  Assets:Test                        10.00 EUR
    test: "foo"
  Equity:Opening-Balance            -10.00 EUR

2018-03-19 * "Metadata after posting, no amount"
  test: "foo bar baz"
  Assets:Test
    test: "foo"
  Equity:Opening-Balance            -10.00 EUR

2018-03-19 * "Metadata on next line of posting, no space"
  test: "foo bar baz"
  Assets:Test                        10.00 EUR
  test: "bar"
  Equity:Opening-Balance            -10.00 EUR

2018-03-19 * "Metadata on next line of posting, with space"
  test: "\"foo bar baz\""
  Assets:Test                        10.00 EUR
    test: "baz"
  Equity:Opening-Balance            -10.00 EUR

2018-03-19 * "Metadata and comments"
  test: "foo bar baz"
  ; one comment
  Assets:Test                        10.00 EUR ; another comment
    test: "baz"
  Equity:Opening-Balance            -10.00 EUR
  ; and another comment

2018-03-19 * "Metadata, one of which should be converted to a link"
  #tag1
  test: "foo bar baz"
  #tag2
  ^brussels-fosdem
  #tag3
  Assets:Test                        10.00 EUR
    test: "baz"
  Equity:Opening-Balance            -10.00 EUR

2018-03-19 * "Metadata, two of which should be converted to a link"
  #tag1
  test: "foo bar baz"
  #tag2
  ^brussels-fosdem
  #tag3
  ^1234
  Assets:Test                        10.00 EUR
    test: "baz"
  Equity:Opening-Balance            -10.00 EUR
    links: "brussels-fosdem"

2018-03-19 * "Metadata, some posting-level links"
  #tag1
  test: "foo bar baz"
  #tag2
  ^brussels-fosdem
  #tag3
  ^4
  Assets:Test                        10.00 EUR
    test: "baz"
    links: "5"
  Equity:Opening-Balance            -10.00 EUR
    links: "6"

2018-03-20 * "Typed meta data with date"
  date: 2017-12-31
  Assets:Test                        10.00 EUR
  Equity:Opening-Balance            -10.00 EUR

; label will be mapped to bank-label
2018-03-17 * "Map metadata"
  bank-label: "foo"
  Assets:Test                        10.00 EUR
  Equity:Opening-Balance            -10.00 EUR

2018-04-12 * "Metadata starting with digit"
  x2012: "foo"
  Assets:Test                         10.00 EUR
  Assets:Test

2018-04-12 * "Metadata starting with digit"
  x2012foo: "foo"
  Assets:Test                         10.00 EUR
  Assets:Test

2018-04-12 * "Metadata starting with uppercase letter"
  test1234test: "foo"
  Assets:Test                         10.00 EUR
  Assets:Test

2018-04-12 * "Metadata with invalid character, leading to collision"
  test-: "foo"
  Assets:Test                         10.00 EUR
  Assets:Test

2018-04-12 * "Metadata with invalid character, leading to collision"
  test-: "foo"
  Assets:Test                         10.00 EUR
  Assets:Test

; ledger reg -l "tag('test:test') =~ /foo/"
2018-04-12 * "Ledger metadata may contain a colon"
  test-test: "foo"
  Assets:Test                         10.00 EUR
  Assets:Test

2019-01-28 * "Metadata on null posting"
  Assets:Test                         10.00 EUR
  Assets:Test
    foo: "bar"

2019-04-29 * "Metadata key with one letter"
  Assets:Test                         10.00 EUR
  ax: "books"
  Assets:Test                        -10.00 EUR

2020-02-18 * "Empty (but defined tag)"
  check_memo: ""
  Assets:Test                        10.00 EUR
  Equity:Opening-Balance            -10.00 EUR

2020-02-18 * "Empty (but defined tag) with trailing whitespace"
  check_memo: ""
  Assets:Test                        10.00 EUR
  Equity:Opening-Balance            -10.00 EUR

2020-02-18 * "No space -> not recognized by ledger as metadata"
  ; check_memo:bar
  Assets:Test                        10.00 EUR
  Equity:Opening-Balance            -10.00 EUR

2020-05-29 * "Metadata on virtual posting should be ignored"
  Assets:Cash                       -10.00 EUR
  Expenses:Food                      10.00 EUR
    foo: "bar"
    ; foo: baz

2020-05-29 * "Metadata on virtual posting should be ignored"
  Assets:Cash                       -10.00 EUR
  Expenses:Food                      10.00 EUR
    foo: "bar"
    ; Some comment
    ; foo: baz

2020-05-29 * "Metadata on virtual posting should be ignored"
  Assets:Cash                       -10.00 EUR
  Expenses:Food                      10.00 EUR
    foo: "bar"
    ; foo: baz
    ; Some comment

2020-05-29 * "Metadata on virtual posting should be ignored"
  Assets:Cash                       -10.00 EUR
  Expenses:Food
    foo: "bar"
    ; foo: baz

2020-05-29 * "Metadata on virtual posting should be ignored"
  Assets:Cash                       -10.00 EUR
  Expenses:Food
    foo: "bar"
    ; Some comment
    ; foo: baz

2020-05-29 * "Metadata on virtual posting should be ignored"
  Assets:Cash                       -10.00 EUR
  Expenses:Food
    foo: "bar"
    ; foo: baz
    ; Some comment

2020-05-30 * "Metadata on virtual posting should be ignored"
    ; foo: baz
  Expenses:Food                      10.00 EUR
    foo: "bar"
  Assets:Cash                       -10.00 EUR
    xyz: "abc"

2020-05-30 * "Metadata on virtual posting should be ignored"
    ; Some comment
    ; foo: baz
  Expenses:Food                      10.00 EUR
    foo: "bar"
  Assets:Cash                       -10.00 EUR
    xyz: "abc"

2020-05-30 * "Metadata on virtual posting should be ignored"
    ; foo: baz
    ; Some comment
  Expenses:Food                      10.00 EUR
    foo: "bar"
  Assets:Cash                       -10.00 EUR
    xyz: "abc"

2020-05-30 * "Metadata on virtual posting should be ignored"
    ; foo: baz
  Expenses:Food
    foo: "bar"
  Assets:Cash                       -10.00 EUR
    xyz: "abc"

2020-05-30 * "Metadata on virtual posting should be ignored"
    ; Some comment
    ; foo: baz
  Expenses:Food
    foo: "bar"
  Assets:Cash                       -10.00 EUR
    xyz: "abc"

2020-05-30 * "Metadata on virtual posting should be ignored"
    ; foo: baz
    ; Some comment
  Expenses:Food
    foo: "bar"
  Assets:Cash                       -10.00 EUR
    xyz: "abc"

2020-09-16 * "Typed data int 0"
  tp: 0
  Assets:Rewards                    3000 AVIOS
  Income:Rewards                   -3000 AVIOS

2020-10-01 * "No space"
  test: "foo bar baz"
  Assets:Test                        10.00 EUR
    test: "foo"
  Equity:Opening-Balance            -10.00 EUR

2020-10-01 * "No space"
  test: "foo bar baz"
  Assets:Test                        10.00 EUR
    test: "foo"
  Equity:Opening-Balance            -10.00 EUR

2020-10-01 * "No space"
  test: "foo bar baz"
  Assets:Test                        10.00 EUR
    test: "foo"
  Equity:Opening-Balance            -10.00 EUR

2020-10-01 * "Many spaces"
  test: "foo bar baz"
  Assets:Test                        10.00 EUR
    test: "foo"
  Equity:Opening-Balance            -10.00 EUR

2020-10-01 * "Tabs"
  test: "foo bar baz"
  Assets:Test                        10.00 EUR
    test: "foo"
  Equity:Opening-Balance            -10.00 EUR

2020-10-01 * "Tabs"
  test: "foo bar baz"
  Assets:Test                        10.00 EUR
    test: "foo"
  Equity:Opening-Balance            -10.00 EUR

2020-10-01 * "Tabs and typed data with int"
  tp: 100
  Assets:Rewards                    3000 AVIOS
  Income:Rewards                   -3000 AVIOS

2020-10-01 * "Tabs and typed data with date"
  when: 2020-09-30
  Assets:Test                        10.00 EUR
  Equity:Opening-Balance            -10.00 EUR

2020-10-02 * "Inconsistent spacing: 4 for postings, 2 for metadata"
    #a #b #c
    foo: "bar"
  Assets:Test                        10.00 EUR
    test: "foo"
  Assets:Test                       -10.00 EUR

2020-10-08 * "Metadata on transaction header"
  foo: "bar"
  Assets:Test                        10.00 EUR
  Assets:Test                       -10.00 EUR

2020-10-08 * "Metadata on transaction header"
  foo: "bar"
  test: "foo"
  Assets:Test                        10.00 EUR
  Assets:Test                       -10.00 EUR

2020-10-08 * "Metadata on transaction header"
  foo: "bar"
  #baz
  Assets:Test                        10.00 EUR
  Assets:Test                       -10.00 EUR

2020-10-08 * "Metadata on transaction header"
  foo: "bar"
  aux-date: 2020-10-05
  Assets:Test                        10.00 EUR
  Assets:Test                       -10.00 EUR

2020-10-08 * "Metadata on transaction header"
  foo: "bar"
  aux-date: 2020-10-05
  test: "foo"
  Assets:Test                        10.00 EUR
  Assets:Test                       -10.00 EUR

2020-10-08 * "Metadata on transaction header"
  foo: "bar"
  aux-date: 2020-10-05
  #baz
  Assets:Test                        10.00 EUR
  Assets:Test                       -10.00 EUR

