;----------------------------------------------------------------------
; ledger2beancount conversion notes:
;
;   - Metadata key 2012 renamed to x2012
;   - Metadata key 2012foo renamed to x2012foo
;   - Metadata key Date renamed to date
;   - Metadata key Invoice renamed to invoice
;   - Metadata key TEST1234TEST renamed to tEST1234TEST
;   - Metadata key Trip renamed to trip
;   - Metadata key a renamed to ax
;   - Metadata key test:test renamed to test-test
;   - Metadata key test♔ renamed to test-
;   - Metadata key test♚ renamed to test-
;   - Collision for metadata test-: test♔, test♚
;----------------------------------------------------------------------

; Beancount: 2.1.0

1970-01-01 open Assets:Test
1970-01-01 open Equity:Opening-Balance

1970-01-01 commodity EUR

2018-03-19 * "Metadata after posting, with amount"
  test: "foo bar baz"
  Assets:Test                        10.00 EUR
    test: "foo"
  Equity:Opening-Balance            -10.00 EUR

2018-03-19 * "Metadata after posting, no amount"
  test: "foo bar baz"
  Assets:Test          
    test: "foo"
  Equity:Opening-Balance            -10.00 EUR

2018-03-19 * "Metadata on next line of posting, no space"
  test: "foo bar baz"
  Assets:Test                        10.00 EUR
    test: "bar"
  Equity:Opening-Balance            -10.00 EUR

2018-03-19 * "Metadata on next line of posting, with space"
  test: "\"foo bar baz\""
  Assets:Test                        10.00 EUR
    test: "baz"
  Equity:Opening-Balance            -10.00 EUR

2018-03-19 * "Metadata and comments"
  test: "foo bar baz"
  ; one comment
  Assets:Test                        10.00 EUR ; another comment
    test: "baz"
  Equity:Opening-Balance            -10.00 EUR
  ; and another comment

2018-03-19 * "Metadata, one of which should be converted to a link"
  #tag1
  #tag2
  ^brussels-fosdem
  #tag3
  test: "foo bar baz"
  Assets:Test                        10.00 EUR
    test: "baz"
  Equity:Opening-Balance            -10.00 EUR

2018-03-19 * "Metadata, two of which should be converted to a link"
  #tag1
  #tag2
  ^brussels-fosdem
  #tag3
  ^1234
  test: "foo bar baz"
  Assets:Test                        10.00 EUR
    test: "baz"
  Equity:Opening-Balance            -10.00 EUR
    trip: "brussels-fosdem"

2018-03-19 * "Metadata, some posting-level links"
  #tag1
  #tag2
  ^brussels-fosdem
  #tag3
  ^4
  test: "foo bar baz"
  Assets:Test                        10.00 EUR
    test: "baz"
    invoice: 5
  Equity:Opening-Balance            -10.00 EUR
    invoice: 6

2018-03-20 * "Typed meta data with date"
  date: 2017-12-31
  Assets:Test                        10.00 EUR
  Equity:Opening-Balance            -10.00 EUR

; label will be mapped to bank-label
2018-03-17 * "Map metadata"
  bank-label: "foo"
  Assets:Test                        10.00 EUR
  Equity:Opening-Balance            -10.00 EUR

2018-04-12 * "Metadata starting with digit"
  x2012: "foo"
  Assets:Test                         10.00 EUR
  Assets:Test

2018-04-12 * "Metadata starting with digit"
  x2012foo: "foo"
  Assets:Test                         10.00 EUR
  Assets:Test

2018-04-12 * "Metadata starting with uppercase letter"
  tEST1234TEST: "foo"
  Assets:Test                         10.00 EUR
  Assets:Test

2018-04-12 * "Metadata with invalid character, leading to collision"
  test-: "foo"
  Assets:Test                         10.00 EUR
  Assets:Test

2018-04-12 * "Metadata with invalid character, leading to collision"
  test-: "foo"
  Assets:Test                         10.00 EUR
  Assets:Test

; ledger reg -l "tag('test:test') =~ /foo/"
2018-04-12 * "Ledger metadata may contain a colon"
  test-test: "foo"
  Assets:Test                         10.00 EUR
  Assets:Test

2019-01-28 * "Metadata on null posting"
  Assets:Test                         10.00 EUR
  Assets:Test               
    foo: "bar"

2019-04-29 * "Metadata key with one letter"
  Assets:Test                         10.00 EUR
    ax: "books"
  Assets:Test                        -10.00 EUR

2020-02-18 * "Empty (but defined tag)"
  check_memo: ""
  Assets:Test                        10.00 EUR
  Equity:Opening-Balance            -10.00 EUR

2020-02-18 * "Empty (but defined tag) with trailing whitespace"
  check_memo: ""
  Assets:Test                        10.00 EUR
  Equity:Opening-Balance            -10.00 EUR

2020-02-18 * "No space -> not recognized by ledger as metadata"
  ; check_memo:bar
  Assets:Test                        10.00 EUR
  Equity:Opening-Balance            -10.00 EUR

