
1970-01-01 open Assets:Test
1970-01-01 open Equity:Opening-Balance

1970-01-01 commodity EUR

2018-03-17 * "Test \"quote me\" please"
  Assets:Test                        10.00 EUR
  Equity:Opening-Balance            -10.00 EUR

; empty narration
2018-05-16 txn ""
  Assets:Test                        10.00 EUR
  Equity:Opening-Balance            -10.00 EUR

; empty narration with flag
2018-05-16 * ""
  Assets:Test                        10.00 EUR
  Equity:Opening-Balance            -10.00 EUR

2018-05-16 * "No space between flag and narration"
  Assets:Test                        10.00 EUR
  Equity:Opening-Balance            -10.00 EUR

2019-03-05 txn "Foo\\"
  Assets:Test                        10.00 EUR
  Equity:Opening-Balance            -10.00 EUR

2019-03-05 txn "Foo\\ bar"
  Assets:Test                        10.00 EUR
  Equity:Opening-Balance            -10.00 EUR

2019-03-05 txn "Foo\\ \""
  Assets:Test                        10.00 EUR
  Equity:Opening-Balance            -10.00 EUR

