
account Assets:Test
account Equity:Opening-Balance

commodity EUR

2018-03-17 * Test "quote me" please
    Assets:Test                        10.00 EUR
    Equity:Opening-Balance            -10.00 EUR

; empty narration
2018-05-16
    Assets:Test                        10.00 EUR
    Equity:Opening-Balance            -10.00 EUR

; empty narration with flag
2018-05-16 *
    Assets:Test                        10.00 EUR
    Equity:Opening-Balance            -10.00 EUR

2018-05-16 *No space between flag and narration
    Assets:Test                        10.00 EUR
    Equity:Opening-Balance            -10.00 EUR

2019-03-05 Foo\
    Assets:Test                        10.00 EUR
    Equity:Opening-Balance            -10.00 EUR

2019-03-05 Foo\ bar
    Assets:Test                        10.00 EUR
    Equity:Opening-Balance            -10.00 EUR

2019-03-05 Foo\ "
    Assets:Test                        10.00 EUR
    Equity:Opening-Balance            -10.00 EUR

