; SPDX-FileCopyrightText: © 2018 Martin Michlmayr <tbm@cyrius.com>
;
; SPDX-License-Identifier: GPL-3.0-or-later

1970-01-01 open Assets:Test
1970-01-01 open Equity:Opening-Balance

1970-01-01 commodity EUR
1970-01-01 commodity GBP

2018-03-18 * "Foo" "Payee Foo"
  Assets:Test                        10.00 EUR
  Equity:Opening-Balance            -10.00 EUR

2018-03-18 * "Bar" "Payer Bar"
  Assets:Test                        10.00 EUR
  Equity:Opening-Balance            -10.00 EUR

2018-03-18 * "TfL" "Oyster card top-up"
  Assets:Test                        10.00 EUR
  Equity:Opening-Balance            -10.00 EUR

; case insensitive match
2018-03-18 * "TfL" "oyster card top-up"
  Assets:Test                        10.00 EUR
  Equity:Opening-Balance            -10.00 EUR

2018-03-18 * "Tesco" "Supermarket"
  Assets:Test                        10.00 EUR
  Equity:Opening-Balance            -10.00 EUR

2018-03-22 * "Creation" "Marriott reward1: test (£10.00)"
  Assets:Test                        10.00 GBP
  Equity:Opening-Balance            -10.00 GBP

2018-03-22 * "Creation" "Marriott reward2: test (£10.00)"
  Assets:Test                        10.00 GBP
  Equity:Opening-Balance            -10.00 GBP

2018-03-26 * "MK2" "Payee from metadata"
  Assets:Test                        10.00 GBP
  Equity:Opening-Balance            -10.00 GBP

2018-03-26 * "Martin" "Payer from metadata"
  Assets:Test                        10.00 GBP
  Equity:Opening-Balance            -10.00 GBP

; Interaction of payee_split and payee_tag
2018-03-31 * "MyEmployer" "Supermarket"
  Assets:Test                        10.00 EUR
  Equity:Opening-Balance            -10.00 EUR

; Interaction of payee_match and payee_tag
2018-03-31 * "MyEmployer" "Oyster card top-up"
  Assets:Test                        10.00 EUR
  Equity:Opening-Balance            -10.00 EUR

