;----------------------------------------------------------------------
; ledger2beancount conversion notes:
;
;   - Tag 10!20 renamed to 10-20
;   - Tag test! renamed to test-
;   - Tag test+ renamed to test-
;   - Tag ♚ renamed to -
;   - Collision for tag test-: test!, test+
;----------------------------------------------------------------------

; Beancount: 2.1.0
; SPDX-FileCopyrightText: © 2018 Martin Michlmayr <tbm@cyrius.com>
;
; SPDX-License-Identifier: GPL-3.0-or-later

1970-01-01 open Assets:Test
1970-01-01 open Equity:Opening-Balance

1970-01-01 commodity EUR

2018-03-17 * "Tag on transaction"
  #foo #bar #baz
  Assets:Test                        10.00 EUR
  Equity:Opening-Balance            -10.00 EUR

2018-03-17 * "Tag on transaction, split over two lines"
  #foo #bar #baz
  #second
  Assets:Test                        10.00 EUR
  Equity:Opening-Balance            -10.00 EUR

2018-03-17 * "Tag on transaction, one converted to a link"
  #foo #bar ^2018-02-02-brussels-fosdem #baz
  Assets:Test                        10.00 EUR
  Equity:Opening-Balance            -10.00 EUR

2018-03-17 * "Tag on transaction, one link on posting level"
  #foo #bar ^2018-02-02-brussels-fosdem #baz
  Assets:Test                        10.00 EUR
    tags: "qux, quux, quuz"
    links: "2018-03-08-london"
  Equity:Opening-Balance            -10.00 EUR

2018-03-17 * "Tag on postings"
  #foo #bar #baz
  Assets:Test                        10.00 EUR
    tags: "foo"
  Equity:Opening-Balance            -10.00 EUR
    tags: "bar"

2018-03-31 * "Tag on postings, without indentation"
  #foo #bar #baz
  Assets:Test                        10.00 EUR
    tags: "qux"
    links: "2018-03-08-london"
  Equity:Opening-Balance            -10.00 EUR
    tags: "quux, quuz"

2018-05-23 * "Tag on postings, same line"
  #foo #bar #baz
  Assets:Test                        10.00 EUR
    tags: "qux"
    links: "2018-03-08-london"
  Equity:Opening-Balance            -10.00 EUR
    tags: "quux, quuz"

2018-05-23 * "Tag on postings, same and next line"
  #foo #bar #baz
  Assets:Test                        10.00 EUR
    tags: "qux, foo"
    links: "2018-03-08-london"
  Equity:Opening-Balance            -10.00 EUR
    tags: "quux, quuz"

; This is not a tag; you need two spaces before the comment
2019-01-25 * "Just a payee description ; :foo:"
  #bar #baz
  Assets:Test                        10.00 EUR
  Equity:Opening-Balance            -10.00 EUR

2019-01-25 * "Tag on same line as payee" #foo
  #bar #baz
  Assets:Test                        10.00 EUR
  Equity:Opening-Balance            -10.00 EUR

2019-01-25 * "Tag on same line as payee" #foo
  #bar #baz
  Assets:Test                        10.00 EUR
  Equity:Opening-Balance            -10.00 EUR

2019-01-25 * "Comment and tag on same line as payee" #foo ; comment
  #bar #baz
  Assets:Test                        10.00 EUR
  Equity:Opening-Balance            -10.00 EUR

2020-08-06 * "Tag on same line as payee" #foo
  Assets:Test                        10.00 EUR
  Assets:Test                       -10.00 EUR

2020-08-06 * "Tag on same line as payee" #foo
  Assets:Test                        10.00 EUR
  Assets:Test                       -10.00 EUR

2020-08-06 * "Tag on same line as payee" #foo
  Assets:Test                        10.00 EUR
  Assets:Test                       -10.00 EUR

2020-10-01 * "No space before tag"
  Assets:Test                        10.00 EUR
    tags: "foo"
  Assets:Test                       -10.00 EUR

2020-10-01 * "Many spaces before tag"
  Assets:Test                        10.00 EUR
    tags: "foo"
  Assets:Test                       -10.00 EUR

2020-10-01 * "Tab separated"
  ;	Comment
  Assets:Test                        10.00 EUR
    tags: "foo"
  Assets:Test                       -10.00 EUR

2020-10-01 * "Tab separated" #foo
  Assets:Test                        10.00 EUR
    tags: "foo"
  Assets:Test                       -10.00 EUR

2020-10-02 * "Inconsistent spacing: 4 for postings, 2 for tags"
    #foo
  Assets:Test                        10.00 EUR
    tags: "bar"
  Assets:Test                       -10.00 EUR

2020-10-13 * "Tag on same line as payee, with auxdate" #foo
  aux-date: 2020-10-11
  Assets:Test                        10.00 EUR
  Assets:Test                       -10.00 EUR

2020-10-23 * "Comment spacing for comment after tag"
  Assets:Test                        10.00 EUR ; test
    tags: "bar"
  Equity:Opening-Balance            -10.00 EUR ;test
    tags: "bar"

2020-10-23 * "Comment spacing for comment after tag"
  Assets:Test                        10.00 EUR
    ; test
    tags: "bar"
  Equity:Opening-Balance            -10.00 EUR
    ;test
    tags: "bar"

2022-12-16 * "test" "Tag test"
  #foo/bar
  Assets:Test                        10.00 EUR
  Assets:Test

2022-12-16 * "test" "Tag test"
  #test-
  Assets:Test                        10.00 EUR
  Assets:Test

2022-12-16 * "test" "Tag test"
  #-
  Assets:Test                        10.00 EUR
  Assets:Test

2022-12-16 * "test" "Tag test"
  #foo_bar
  Assets:Test                        10.00 EUR
  Assets:Test

2022-12-16 * "test" "Tag test"
  #foo-bar
  Assets:Test                        10.00 EUR
  Assets:Test

2022-12-16 * "test" "Tag test"
  #1234
  Assets:Test                        10.00 EUR
  Assets:Test

2022-12-16 * "test" "Tag test"
  #abcd1234
  Assets:Test                        10.00 EUR
  Assets:Test

2022-12-16 * "test" "Tag test"
  #foo/bar #- #foo_bar #foo-bar #1234 #abcd1234
  Assets:Test                        10.00 EUR
  Assets:Test

2022-12-16 * "test" "Tag test"
  Assets:Test                        10.00 EUR
    tags: "foo/bar"
  Assets:Test

2022-12-16 * "test" "Tag test"
  Assets:Test                        10.00 EUR
    tags: "test-"
  Assets:Test

2022-12-16 * "test" "Tag test"
  Assets:Test                        10.00 EUR
    tags: "test-"
  Assets:Test

2022-12-16 * "test" "Tag test"
  Assets:Test                        10.00 EUR
    tags: "-"
  Assets:Test

2022-12-16 * "test" "Tag test"
  Assets:Test                        10.00 EUR
    tags: "foo_bar"
  Assets:Test

2022-12-16 * "test" "Tag test"
  Assets:Test                        10.00 EUR
    tags: "foo-bar"
  Assets:Test

2022-12-16 * "test" "Tag test"
  Assets:Test                        10.00 EUR
    tags: "1234"
  Assets:Test

2022-12-16 * "test" "Tag test"
  Assets:Test                        10.00 EUR
    tags: "abcd1234"
  Assets:Test

2022-12-16 * "test" "Tag test in tag_map"
  #WTF
  Assets:Test                        10.00 EUR
    tags: "WTF"
  Assets:Test

2022-12-16 * "Link and link_match"
  ^10-20
  Assets:Test                        10.00 EUR
  Assets:Test

