
1970-01-01 open Assets:Test
1970-01-01 open Equity:Opening-Balance

1970-01-01 commodity EUR

2018-03-17 * "Tag on transaction"
  tags: "foo, bar, baz"
  Assets:Test                        10.00 EUR
  Equity:Opening-Balance            -10.00 EUR

2018-03-17 * "Tag on transaction, split over two lines"
  tags: "foo, bar, baz, second"
  Assets:Test                        10.00 EUR
  Equity:Opening-Balance            -10.00 EUR

2018-03-17 * "Tag on transaction, one converted to a link"
  tags: "foo, bar, baz"
  links: "2018-02-02-brussels-fosdem"
  Assets:Test                        10.00 EUR
  Equity:Opening-Balance            -10.00 EUR

2018-03-17 * "Tag on transaction, one link on posting level"
  tags: "foo, bar, baz"
  links: "2018-02-02-brussels-fosdem"
  Assets:Test                        10.00 EUR
    tags: "qux, quux, quuz"
    links: "2018-03-08-london"
  Equity:Opening-Balance            -10.00 EUR

2018-03-17 * "Tag on postings"
  tags: "foo, bar, baz"
  Assets:Test                        10.00 EUR
    tags: "foo"
  Equity:Opening-Balance            -10.00 EUR
    tags: "bar"

2018-03-31 * "Tag on postings, without indentation"
  tags: "foo, bar, baz"
  Assets:Test                        10.00 EUR
    tags: "qux"
    links: "2018-03-08-london"
  Equity:Opening-Balance            -10.00 EUR
    tags: "quux, quuz"

2018-05-02 * "Test"
  tags: "xxx, yyy"
  links: "2018-02-02-test, 2018-01-01-new-year, 2018-05-01-may"
  Assets:Test                        10.00 EUR
  Assets:Test                       -10.00 EUR
    tags: "foo"

2018-05-02 * "Test of link_tags"
  links: "^Invoice123"
  Assets:Test                        10.00 EUR
  Assets:Test                       -10.00 EUR

2018-05-02 * "Metadata, some posting-level links, testing link_tags"
  test: "foo bar baz"
  tags: "tag1, tag2, tag3"
  links: "2018-01-01-new-year, ^brussels-fosdem, ^4"
  Assets:Test                        10.00 EUR
    test: "baz"
    invoice: 5
  Equity:Opening-Balance            -10.00 EUR
    invoice: 6

